@article{de2000introduction,
	title={An introduction to independent component analysis},
	author={De Lathauwer, Lieven and De Moor, Bart and Vandewalle, Joos},
	journal={Journal of Chemometrics: A Journal of the Chemometrics Society},
	volume={14},
	number={3},
	pages={123--149},
	year={2000},
	publisher={Wiley Online Library}
}
@article{maaten2008visualizing,
	title={Visualizing data using t-SNE},
	author={Maaten, Laurens van der and Hinton, Geoffrey},
	journal={Journal of machine learning research},
	volume={9},
	number={Nov},
	pages={2579--2605},
	year={2008}
}
@article{kingma2014adam,
	title={Adam: A method for stochastic optimization},
	author={Kingma, Diederik P and Ba, Jimmy},
	journal={arXiv preprint arXiv:1412.6980},
	year={2014}
}
@article{xiao2017fashion,
	title={Fashion-mnist: a novel image dataset for benchmarking machine learning algorithms},
	author={Xiao, Han and Rasul, Kashif and Vollgraf, Roland},
	journal={arXiv preprint arXiv:1708.07747},
	year={2017}
}
@inproceedings{dalal2005histograms,
	title={Histograms of oriented gradients for human detection},
	author={Dalal, Navneet and Triggs, Bill},
	booktitle={international Conference on computer vision \& Pattern Recognition (CVPR'05)},
	volume={1},
	pages={886--893},
	year={2005},
	organization={IEEE Computer Society}
}
@inproceedings{ojala1994performance,
	title={Performance evaluation of texture measures with classification based on Kullback discrimination of distributions},
	author={Ojala, Timo and Pietikainen, Matti and Harwood, David},
	booktitle={Proceedings of 12th International Conference on Pattern Recognition},
	volume={1},
	pages={582--585},
	year={1994},
	organization={IEEE}
}
@inproceedings{krizhevsky2012imagenet,
	title={Imagenet classification with deep convolutional neural networks},
	author={Krizhevsky, Alex and Sutskever, Ilya and Hinton, Geoffrey E},
	booktitle={Advances in neural information processing systems},
	pages={1097--1105},
	year={2012}
}
@inproceedings{he2016deep,
	title={Deep residual learning for image recognition},
	author={He, Kaiming and Zhang, Xiangyu and Ren, Shaoqing and Sun, Jian},
	booktitle={Proceedings of the IEEE conference on computer vision and pattern recognition},
	pages={770--778},
	year={2016}
}
@inproceedings{liang2015recurrent,
	title={Recurrent convolutional neural network for object recognition},
	author={Liang, Ming and Hu, Xiaolin},
	booktitle={Proceedings of the IEEE conference on computer vision and pattern recognition},
	pages={3367--3375},
	year={2015}
}
@inproceedings{long2015fully,
	title={Fully convolutional networks for semantic segmentation},
	author={Long, Jonathan and Shelhamer, Evan and Darrell, Trevor},
	booktitle={Proceedings of the IEEE conference on computer vision and pattern recognition},
	pages={3431--3440},
	year={2015}
}
@inproceedings{zhang2017deep,
	title={Deep ten: Texture encoding network},
	author={Zhang, Hang and Xue, Jia and Dana, Kristin},
	booktitle={Proceedings of the IEEE Conference on Computer Vision and Pattern Recognition},
	pages={708--717},
	year={2017}
}
@inproceedings{curio1999walking,
	title={Walking pedestrian recognition},
	author={Curio, Cristobal and Edelbrunner, Johann and Kalinke, Thomas and Tzomakas, Christos and Von Seelen, Werner},
	booktitle={Proceedings 199 IEEE/IEEJ/JSAI International Conference on Intelligent Transportation Systems (Cat. No. 99TH8383)},
	pages={292--297},
	year={1999},
	organization={IEEE}
}

@article{materka1998texture,
	title={Texture analysis methods--a review},
	author={Materka, Andrzej and Strzelecki, Michal and others},
	journal={Technical university of lodz, institute of electronics, COST B11 report, Brussels},
	pages={9--11},
	year={1998}
}
@article{anderson2012combination,
	title={Combination of anomaly algorithms and image features for explosive hazard detection in forward looking infrared imagery},
	author={Anderson, Derek T and Stone, Kevin E and Keller, James M and Spain, Christopher J},
	journal={IEEE Journal of Selected Topics in Applied Earth Observations and Remote Sensing},
	volume={5},
	number={1},
	pages={313--323},
	year={2012},
	publisher={IEEE}
}
@article{ng2013machine,
	title={Machine Learning and AI via Brain simulations},
	author={Ng, Andrew},
	journal={Andrew Ng},
	year={2013}
}
@article{rumelhart1988learning,
	title={Learning representations by back-propagating errors},
	author={Rumelhart, David E and Hinton, Geoffrey E and Williams, Ronald J and others},
	journal={Cognitive modeling},
	volume={5},
	number={3},
	pages={1},
	year={1988}
}
@book{Goodfellow-et-al-2016,
	title={Deep Learning},
	author={Ian Goodfellow and Yoshua Bengio and Aaron Courville},
	publisher={MIT Press},
	note={\url{http://www.deeplearningbook.org}},
	year={2016}
}
@inproceedings{chiu2015see,
	title={See the difference: Direct pre-image reconstruction and pose estimation by differentiating hog},
	author={Chiu, Wei-Chen and Fritz, Mario},
	booktitle={Proceedings of the IEEE International Conference on Computer Vision},
	pages={468--476},
	year={2015}
}
@article{holub2013random,
	title={Random projections of residuals for digital image steganalysis},
	author={Holub, Vojtech and Fridrich, Jessica},
	journal={IEEE Transactions on Information Forensics and Security},
	volume={8},
	number={12},
	pages={1996--2006},
	year={2013},
	publisher={IEEE}
}
@article{wang2014mitosis,
	title={Mitosis detection in breast cancer pathology images by combining handcrafted and convolutional neural network features},
	author={Wang, Haibo and Roa, Angel Cruz and Basavanhally, Ajay N and Gilmore, Hannah L and Shih, Natalie and Feldman, Mike and Tomaszewski, John and Gonzalez, Fabio and Madabhushi, Anant},
	journal={Journal of Medical Imaging},
	volume={1},
	number={3},
	pages={034003},
	year={2014},
	publisher={International Society for Optics and Photonics}
}

@inproceedings{rivera2018densenet,
	title={DenseNet model combined with Haralickâ€™s handcrafted features for texture classification},
	author={Rivera-Morales, Carlos-Andres and Bastidas-Rodr{\'\i}guez, Maria-Ximena and Prieto-Ortiz, Flavio-Augusto},
	booktitle={2018 IEEE Latin American Conference on Computational Intelligence (LA-CCI)},
	pages={1--6},
	year={2018},
	organization={IEEE}
}
@inproceedings{deng2009imagenet,
	title={Imagenet: A large-scale hierarchical image database},
	author={Deng, Jia and Dong, Wei and Socher, Richard and Li, Li-Jia and Li, Kai and Fei-Fei, Li},
	booktitle={2009 IEEE conference on computer vision and pattern recognition},
	pages={248--255},
	year={2009},
	organization={Ieee}
}
@article{lecun1998gradient,
	title={Gradient-based learning applied to document recognition},
	author={LeCun, Yann and Bottou, L{\'e}on and Bengio, Yoshua and Haffner, Patrick and others},
	journal={Proceedings of the IEEE},
	volume={86},
	number={11},
	pages={2278--2324},
	year={1998},
	publisher={Taipei, Taiwan}
}
